@article{ref1,
    author = {Givens, Jane L. MD; Tjia, Jennifer MD},
    title = {Depressed Medical Students' Use of Mental Health Services and Barriers to Use.},
    journal = {Academic Medicine},
    volume = {77},
    number = {9},
    pages = {918-921},
    year = {2002}
}

@article{ref2,
    author = {Yu-Qin Gao and Bo-Chen Pan and Wei Sun and Hui Wu and Jia-Na Wang and Lie Wang},
    title = {Anxiety symptoms among Chinese nurses and the associated factors: a cross sectional study.},
    journal = {BMC Psychiatry},
    volume = {12},
    number = {1},
    pages = {141},
    year = {2012},
    url = { https://doi.org/10.1186/1471-244X-12-141}
}

@Article{ref3,
AUTHOR = {Khamisa, Natasha and Oldenburg, Brian and Peltzer, Karl and Ilic, Dragan},
TITLE = {Work Related Stress, Burnout, Job Satisfaction and General Health of Nurses},
JOURNAL = {International Journal of Environmental Research and Public Health},
VOLUME = {12},
YEAR = {2015},
NUMBER = {1},
PAGES = {652--666},
URL = {https://www.mdpi.com/1660-4601/12/1/652},
PubMedID = {25588157},
ISSN = {1660-4601},
DOI = {10.3390/ijerph120100652}
}

@article{ref4,
author = {Monica K. Bidwal and Eric J. Ip and Bijal M. Shah and Melissa J. Serino},
title ={Stress, Drugs, and Alcohol Use Among Health Care Professional Students: A Focus on Prescription Stimulants},
journal = {Journal of Pharmacy Practice},
volume = {28},
number = {6},
pages = {535-542},
year = {2015},
doi = {10.1177/0897190014544824},
note ={PMID: 25124376},
URL = { https://doi.org/10.1177/0897190014544824},
eprint = {https://doi.org/10.1177/0897190014544824}
}

@article{ref5,
  title={Revealed: How the stress of working in public services is taking its toll on staff},
  author={Dudman, J and Isaac, A and Johnson, S},
  journal={The Guardian},
  volume={10},
  year={2015}
}

@article{ref6,
author = {Veysi Ceri and Ilhan Cicek},
title = {Psychological Well-Being, Depression and Stress During COVID-19 Pandemic in Turkey: A Comparative Study of Healthcare Professionals and Non-Healthcare Professionals},
journal = {Psychology, Health \& Medicine},
volume = {26},
number = {1},
pages = {85-97},
year = {2021},
publisher = {Taylor & Francis},
doi = {10.1080/13548506.2020.1859566},
note ={PMID: 33320723},
URL = {https://doi.org/10.1080/13548506.2020.1859566},
eprint = { https://doi.org/10.1080/13548506.2020.1859566}
}

@Article{ref7,
author={Udayanga, Lahiru
and Perera, Ayesha
and Dissanayaka, Lakchani},
title={COVID−19−induced anxiety, depression and stress among healthcare professionals in Sri Lanka},
journal={Asian Pacific Journal of Tropical Medicine},
year={2022},
volume={15},
number={11},
issn={1995-7645},
url={https://journals.lww.com/aptm/fulltext/2022/15110/covid_19_induced_anxiety,_depression_and_stress.3.aspx}
}

@Article{ref8,
author={Owens, Judith A.},
title={Sleep Loss and Fatigue in Healthcare Professionals},
journal={The Journal of Perinatal {\&} Neonatal Nursing},
year={2007},
volume={21},
number={2},
issn={0893-2190},
url={https://journals.lww.com/jpnnjournal/fulltext/2007/04000/sleep_loss_and_fatigue_in_healthcare_professionals.7.aspx}
}



@online{ref9,
    title ={A shared commitment to quality - NHS England},
    URL = {https://www.england.nhs.uk/wp-content/uploads/2021/04/nqb-refreshed-shared-commitment-to-quality.pdf},
    year = {2021},
    note = {Accessed on November 21, 2023.}
}

@article {ref10,
	author = {Catherine Cohen and Silvia Pignata and Eva Bezak and Mark Tie and Jessie Childs},
	title = {Workplace interventions to improve well-being and reduce burnout for nurses, physicians and allied healthcare professionals: a systematic review},
	volume = {13},
	number = {6},
	elocation-id = {e071203},
	year = {2023},
	doi = {10.1136/bmjopen-2022-071203},
	publisher = {British Medical Journal Publishing Group},
	issn = {2044-6055},
	URL = {https://bmjopen.bmj.com/content/13/6/e071203},
	eprint = {https://bmjopen.bmj.com/content/13/6/e071203.full.pdf},
	journal = {BMJ Open}
}

@misc{ref11,
    title = {Integrated Care Systems Explained},
    url = {https://www.kingsfund.org.uk/publications/integrated-care-systems-explained},
    author = {Anna Charles},
    year = {2022},
    note = {Accessed on November 11, 2023}
}

@online{ref12,
    author = {Rachel Rowbottom},
    title = {UK: Integrated Care Systems – lessons and outlook from the first six months | Simon Kucher},
    year = {2023},
    URL = {https://www.simon-kucher.com/en/insights/uk-integrated-care-systems-lessons-and-outlook-first-six-months},
    note = {Accessed on November 23, 2023}
}

@online{ref13,
    title = {CIPD | Learning & Development Strategy and Policy | Factsheets},
    year = {2022},
    URL = {https://www.cipd.org/uk/knowledge/factsheets/strategy-development-factsheet/},
    note = {Accessed on November 23, 2023}
}

@online{ref14,
    title = {CIPD | Strategic workforce planning},
    year = {2023},
    URL = {https://www.cipd.org/uk/knowledge/guides/strategic-workforce-planning/},
    note = {Accessed on November 23, 2023}
}

@online{ref15,
    title = {Developing and evaluating workplace health interventions: employer toolkit},
    URL = {https://www.gov.uk/government/publications/developing-and-evaluating-workplace-health-interventions-employer-toolkit},
    note = {Accessed on November 23, 2023}
}

@online{ref16,
    title = {Oracle: What is the Internet of Things (IoT)?},
    URL = {https://www.oracle.com/uk/internet-of-things/what-is-iot/#:~:text=What%20is%20IoT%3F},
    note = {Accessed on November 23, 2023}
}

@online{ref17,
    title = {Global connected wearable devices 2019-2022},
    URL = {https://www.statista.com/statistics/487291/global-connected-wearable-devices/#:~:text=Between%202019%20and%202022%2C%20the},
    year = {2023},
    note = {Accessed on November 23, 2023}
}

@online{ref18,
    author = {Accenture},
    title = {The `new' rules of healthcare provider engagement},
    year = {2021},
    URL = {https://www.accenture.com/us-en/insights/life-sciences/new-rules-healthcare-provider-engagement},
    note = {Accessed on November 23, 2023}
}

@article{ref19,
    author = {Joel Rodrigues and Dante Segundo and Murilo Sabino and Heres Junqueira and Rafael Prince and Jalal Al-Muhtadi and Victor Hugo and C De Albuquerque},
    title = {Ambient Assisted Living, Internet of Things, Internet of Health Things, Mobile Health, Remote Healthcare Monitoring},
    year = {2018},
    DOI = {10.1109/ACCESS.2017},
    journal = {Enabling Technologies for the Internet of Health Things},
}

@misc{ref20,
    title = {Uniforms and workwear: Guidance for NHS Employers - NHS England.},
    URL = {https://www.england.nhs.uk/wp-content/uploads/2020/04/Uniforms-and-Workwear-Guidance-2-April-2020.pdf},
    year = {2020},
    note = {Accessed on November 19, 2023.}
}

@online{ref21,
    year = {2019},
    title = {Wikipedia - Heart rate variability},
    URL = {https://en.wikipedia.org/wiki/Heart_rate_variability},
    publisher = {Wikimedia Foundation},
    note = {Accessed on November 27, 2023}
}

@online{ref22,
    year = {2019},
    title = {Wikipedia - Microcontroller},
    URL = {https://en.wikipedia.org/wiki/Microcontroller.},
    note = {Accessed on November 26, 2023}
}

@online{ref23,
    title = { Raspberry Pi},
    publisher = {Raspberry Pi},
    URL = {https://www.raspberrypi.com/},
    note = {Accessed on November 26, 2023}
}

@online{ref24,
    title = {ESP32},
    URL = {Amazon.co.uk},
    note = {Accessed on November 26, 2023}
}

@online{ref25,
    author = {Michael Sawh},
    title = {ECG wearables: How they work and the best on the market},
    year = {2020},
    URL = {https://www.wareable.com/health-and-wellbeing/ecg-heart-rate-monitor-watch-guide-6508},
    note = {Accessed on November 22, 2023}
}

@online{ref26,
    author = {Himanshu Kansal},
    title = {How ECG Works On a Smartwatch? How Useful Is It?— Simplified},
    year = {2021},
    URL = {https://wearablestouse.com/blog/2021/12/30/how-smartwatch-ecg-works/},
    note = {Accessed on November 22, 2023}
}

@online{ref27,
    title = {Pulse Sensor Amped - Pimoroni},
    URL = {https://shop.pimoroni.com/products/pulse-sensor-amped?variant=707189945},
    note = {Accessed on November 22, 2023}
}

@online{ref28,
    title = {Withnell Sensors: SenseAnywhere AiroSensor- Wireless temperature monitoring},
    URL = {https://www.withnellsensors.co.uk/pages/products-and-services/data-loggers-thermocouples/senseanywhere-airosensor/?msclkid=edb5cf4f4920147e7110aa2bdb52f6d5&utm_source=bing&utm_medium=cpc&utm_campaign=SenseAnywhere&utm_term=temperature%20sensor&utm_content=Temperature%20sensor},
    note = {Accessed on November 27, 2023}
}

@online{ref29,
    author = {Saumitra Jagdale},
    title = {Satellite IoT: A new paradigm in IoT connectivity},
    year = {2022},
    URL = {https://iot.eetimes.com/satellite-iot-a-new-paradigm-in-iot-connectivity/},
    note = {Accessed on November 25, 2023}
}

@book{30,
    title = {In Action: Planning and Leading Planning and Leading 2},
    organization = {BJSS},
    note = {Accessed on November 26, 2023}
}

@online{31,
    title = {SDLC Agile Model},
    organization = {W3 Schools},
    URL = {https://www.w3schools.in/sdlc/agile-model?utm_content=cmp-true},
    note = {Accessed on November 26, 2023}
}

@online{32,
    title = {Comprehensive Guide to the Agile Manifesto},
    author = {Kate, Eby},
    year = {2016},
    URL = {https://www.smartsheet.com/comprehensive-guide-values-principles-agile-manifesto},
    note = {Accessed on November 26, 2023}
}

@online{33,
    title = {Top Benefits of Agile IoT Development},
    Author = {Ben Wald},
    URL = {https://www.verytechnology.com/iot-insights/top-benefits-of-agile-iot-development},
    year = {2020},
    note = {Accessed on November 26, 2023}
}

@online{34,
    title = {hree reasons to consider agile methodology for your IoT effort - IoT Agenda},
    author = {Tony Paine},
    year = {2016},
    URL = {https://www.techtarget.com/iotagenda/blog/IoT-Agenda/Three-reasons-to-consider-agile-methodology-for-your-IoT-effort},
    note = {Accessed on November 26, 2023}
}

@INPROCEEDINGS{35,
  author={Duka, D.},
  booktitle={2013 36th International Convention on Information and Communication Technology, Electronics and Microelectronics (MIPRO)}, 
  title={Adoption of agile methodology in software development}, 
  year={2013},
  volume={},
  number={},
  pages={426-430},
  doi={}
}

@online{36,
    title = {Resistor color code chart},
    author = {Adin Kassn},
    year= {2019},
    URL = {https://commons.wikimedia.org/wiki/File:Resistor_color_code.png},
    organization = {Wikimedia Commons}
}

@online{37,
    title = {Monitor Heart Rate using Pulse Sensor and ESP32},
    organization = {Microcontrollers Lab},
    year = {2021},
    URL = {https://microcontrollerslab.com/pulse-sensor-esp32-tutorial/},
    note = {Accessed on November 24, 2023}
}

@online{38,
    title = {LM35 Pinout, Datasheet, Application Circuit},
    author = {Swagatam},
    year = {2016},
    URl = {https://www.homemade-circuits.com/lm35-circuit/},
    organization = {Homemade Circuits Projects},
    note = {Accessed on November 24, 2023}
}

@online{39,
    title = {Working with IoT Dashboards},
    URL = {https://thingsboard.io/docs/user-guide/dashboards/},
    organization = {ThingsBoard},
    note = {Accessed on December 3, 2023}
}

@online{40,
    title = {ThingSpeak: Learn More},
    URL = {https://thingspeak.com/pages/learn_more},
    organization = {ThingSpeak},
    note = {Accessed on December 3, 2023}
}

@online{41,
    title = {Adafruit Homepage},
    URL = {https://learn.adafruit.com/},
    note = {Accessed on December 3, 2023}
}

@article{42,
  title={Accurate and early detection of sleepiness, fatigue and stress levels in drivers through Heart Rate Variability parameters: a systematic review},
  author={Alexandru Burlacu, Crischentian Brinza, Adrian Brezulianu, Adrian Covic},
  journal={RCM},
  volume={22},
  number={3},
  pages={845-852},
  doi = {10.31083/j.rcm2203090},
  year={2021}
}


@article{43,
  author = {Escorihuela, Rosa María and Capdevila, Lluís and Castro, Juan Ramos and Zaragozà, María Cleofé and Maurel, Sara and Alegre, José and Castro-Marrero, Jesús},
  month = {01},
  title = {Reduced heart rate variability predicts fatigue severity in individuals with chronic fatigue syndrome/myalgic encephalomyelitis},
  doi = {10.1186/s12967-019-02184-z},
  url = {https://translational-medicine.biomedcentral.com/articles/10.1186/s12967-019-02184-z},
  urldate = {2024-04-11},
  volume = {18},
  year = {2020},
  journal = {Journal of Translational Medicine}
}

@inbook{44,
author = {Lin, Tzong-Shyan and Liu, Pei-Yu and Lin, Chun-Cheng},
year = {2018},
month = {01},
pages = {43-49},
title = {Home Healthcare Matching Service System Using IoT: Third International Conference, IoTaaS 2017, Taichung, Taiwan, September 20–22, 2017, Proceedings},
isbn = {978-3-030-00409-5},
doi = {10.1007/978-3-030-00410-1_6}
}

@misc{45,
  author = {Tee, Jason},
  month = {03},
  title = {IoTaaS? Clearing the roadblocks to IoT-as-a-Service adoption | TheServerSide},
  url = {https://www.theserverside.com/feature/IoTaaS-The-things-that-are-hindering-IoT-as-a-Service-adoption},
  urldate = {2024-05-03},
  year = {2017},
  organization = {TheServerSide.com}
}

@misc{46,
  title = {EAI IoTaas 2024 – 10th EAI International Conference as IoT as a service},
  url = {https://iotaas.eai-conferences.org/2024/},
  urldate = {2024-05-03},
  organization = {IoTaaS}
}

@misc{47,
  author = {Burak, Andrew},
  month = {11},
  title = {IoT in Healthcare: Top Benefits, Use Cases, and Future Trends},
  url = {https://relevant.software/blog/iot-in-healthcare/},
  urldate = {2024-05-03},
  year = {2023},
  organization = {Relevant Software}
}

@misc{48,
  author = {World Health Organization},
  month = {02},
  publisher = {World Health Organisation},
  title = {Stress},
  url = {https://www.who.int/news-room/questions-and-answers/item/stress},
  year = {2023},
  organization = {www.who.int}
}

@misc{49,
  author = {O'Connell, Krista},
  month = {03},
  publisher = {Healthline Media},
  title = {Causes of Fatigue and How to Manage It},
  url = {https://www.healthline.com/health/fatigue},
  urldate = {2024-05-03},
  year = {2020},
  organization = {Healthline}
}

@misc{50,
  author = {Stables, James},
  month = {03},
  title = {Fitbit stress score explained: How stress tracking and management works},
  url = {https://www.wareable.com/fitbit/fitbit-brings-stress-score-to-all-devices-8394},
  urldate = {2024-05-03},
  year = {2022},
  organization = {Wareable}
}